<record><leader>00000cas a2200000 a 4500</leader><controlfield tag="001">44240694</controlfield><controlfield tag="008">000607d196219uucauwr ne      0    0eng c</controlfield><datafield ind1=" " ind2=" " tag="010"><subfield code="a">sn 99060964 </subfield></datafield><datafield ind1=" " ind2=" " tag="040"><subfield code="a">CNK</subfield><subfield code="b">eng</subfield><subfield code="c">CNK</subfield><subfield code="d">OCLCQ</subfield><subfield code="d">OCLCF</subfield><subfield code="d">OCLCO</subfield></datafield><datafield ind1="1" ind2=" " tag="029"><subfield code="a">AU@</subfield><subfield code="b">000021635133</subfield></datafield><datafield ind1=" " ind2=" " tag="042"><subfield code="a">pcc</subfield></datafield><datafield ind1=" " ind2=" " tag="043"><subfield code="a">n-us-ca</subfield></datafield><datafield ind1="0" ind2="0" tag="245"><subfield code="a">Record-ledger.</subfield></datafield><datafield ind1="1" ind2="3" tag="246"><subfield code="a">Sun Valley record ledger</subfield></datafield><datafield ind1=" " ind2=" " tag="260"><subfield code="a">Sun Valley, Calif. :</subfield><subfield code="b">Ray W. Brooks</subfield></datafield><datafield ind1=" " ind2=" " tag="300"><subfield code="a">v.</subfield></datafield><datafield ind1=" " ind2=" " tag="310"><subfield code="a">Weekly</subfield></datafield><datafield ind1="0" ind2=" " tag="362"><subfield code="a">5th year, no. 13 (Feb. 8, 1962)-</subfield></datafield><datafield ind1=" " ind2=" " tag="500"><subfield code="a">"Ledger" appears in small print within "Record" in masthead for issues Feb. 8, 1962-Jan. 2, 1963 and Oct. 8, 1964-Sept. 16, 1965.</subfield></datafield><datafield ind1=" " ind2="0" tag="651"><subfield code="a">Sun Valley (Los Angeles, Calif.)</subfield><subfield code="v">Newspapers.</subfield></datafield><datafield ind1=" " ind2="7" tag="655"><subfield code="a">Newspapers.</subfield><subfield code="2">fast</subfield><subfield code="0">(OCoLC)fst01423814</subfield></datafield><datafield ind1=" " ind2="7" tag="651"><subfield code="a">California</subfield><subfield code="z">Los Angeles</subfield><subfield code="z">Sun Valley.</subfield><subfield code="2">fast</subfield><subfield code="0">(OCoLC)fst01314631</subfield></datafield><datafield ind1=" " ind2=" " tag="752"><subfield code="a">United States</subfield><subfield code="b">California</subfield><subfield code="c">Los Angeles</subfield><subfield code="d">Los Angeles.</subfield></datafield><datafield ind1="0" ind2="0" tag="780"><subfield code="t">Record (Sun Valley, Los Angeles, Calif.)</subfield><subfield code="w">(DLC)sn 99060963</subfield></datafield></record>